@misc{russell2010artificial,
  title={Artificial Intelligence (A Modern Approach)},
  author={Russell, Staurt J and Norvig, Peter},
  year={2010},
  publisher={Prentice Hall}
}

@article{fikes1971strips,
  title={STRIPS: A new approach to the application of theorem proving to problem solving},
  author={Fikes, Richard E and Nilsson, Nils J},
  journal={Artificial intelligence},
  volume={2},
  number={3-4},
  pages={189--208},
  year={1971},
  publisher={Elsevier}
}

@article{blum1997fast,
  title={Fast planning through planning graph analysis},
  author={Blum, Avrim L and Furst, Merrick L},
  journal={Artificial intelligence},
  volume={90},
  number={1},
  pages={281--300},
  year={1997},
  publisher={Elsevier}
}

@inproceedings{kautz1999unifying,
  title={Unifying SAT-based and graph-based planning},
  author={Kautz, Henry and Selman, Bart},
  booktitle={IJCAI},
  volume={99},
  pages={318--325},
  year={1999}
}

@inproceedings{kautz1992planning,
  title={Planning as Satisfiability.},
  author={Kautz, Henry A and Selman, Bart and others},
  booktitle={ECAI},
  volume={92},
  pages={359--363},
  year={1992}
}

@inproceedings{kautz1996pushing,
  title={Pushing the envelope: Planning, propositional logic, and stochastic search},
  author={Kautz, Henry and Selman, Bart},
  booktitle={Proceedings of the National Conference on Artificial Intelligence},
  pages={1194--1201},
  year={1996}
}
